@article{Wasserman,
    author =       "Wasserman WW, Sandelin A.",
    title =        "Applied bioinformatics for the identification of regulatory elements",
    journal =      "Nature Reviews Genetics",
    volume =       "5",
    pages =        "276",
    year =         "2004",
    DOI =          "10.1038/nrg1315"
}